{
  "leader": "05885cam a2200565 a 4500",
  "fields": [
    {
      "001": "ocm29703776\\"
    },
    {
      "003": "OCoLC"
    },
    {
      "005": "20220105110113.0"
    },
    {
      "008": "940106s1994\\\\\\\\njua\\\\\\\\\\b\\\\\\\\001\\0\\eng\\\\"
    },
    {
      "010": {
        "ind1": "\\",
        "ind2": "\\",
        "subfields": [
          {
            "a": "   94001047 "
          }
        ]
      }
    },
    {
      "040": {
        "ind1": "\\",
        "ind2": "\\",
        "subfields": [
          {
            "a": "DLC"
          },
          {
            "b": "eng"
          },
          {
            "c": "DLC"
          },
          {
            "d": "UKM"
          },
          {
            "d": "PGC"
          },
          {
            "d": "UBA"
          },
          {
            "d": "MUQ"
          },
          {
            "d": "OCLCQ"
          },
          {
            "d": "YLS"
          },
          {
            "d": "NLGGC"
          },
          {
            "d": "BTCTA"
          },
          {
            "d": "YDXCP"
          },
          {
            "d": "CUY"
          },
          {
            "d": "BNM"
          },
          {
            "d": "OCLCQ"
          },
          {
            "d": "ZWZ"
          },
          {
            "d": "ABC"
          },
          {
            "d": "OG#"
          },
          {
            "d": "OCLCF"
          },
          {
            "d": "OCLCQ"
          },
          {
            "d": "LFM"
          },
          {
            "d": "OCLCQ"
          },
          {
            "d": "I8M"
          },
          {
            "d": "OCLCQ"
          },
          {
            "d": "CSJ"
          },
          {
            "d": "DHA"
          },
          {
            "d": "OCLCQ"
          },
          {
            "d": "FIE"
          },
          {
            "d": "CPO"
          },
          {
            "d": "OCLCQ"
          },
          {
            "d": "Z5U"
          },
          {
            "d": "OCLCQ"
          },
          {
            "d": "HUELT"
          },
          {
            "d": "BDP"
          },
          {
            "d": "UKBTH"
          },
          {
            "d": "S2H"
          },
          {
            "d": "LUN"
          },
          {
            "d": "IL4J6"
          },
          {
            "d": "OCLCO"
          }
        ]
      }
    },
    {
      "015": {
        "ind1": "\\",
        "ind2": "\\",
        "subfields": [
          {
            "a": "GB9492146"
          },
          {
            "2": "bnb"
          }
        ]
      }
    },
    {
      "015": {
        "ind1": "\\",
        "ind2": "\\",
        "subfields": [
          {
            "a": "GB94-92146"
          }
        ]
      }
    },
    {
      "016": {
        "ind1": "7",
        "ind2": "\\",
        "subfields": [
          {
            "a": "bimoBNE19982688554"
          },
          {
            "2": "SpMaBN"
          }
        ]
      }
    },
    {
      "019": {
        "ind1": "\\",
        "ind2": "\\",
        "subfields": [
          {
            "a": "33010653"
          },
          {
            "a": "60106654"
          },
          {
            "a": "1120880274"
          },
          {
            "a": "1167028787"
          }
        ]
      }
    },
    {
      "020": {
        "ind1": "\\",
        "ind2": "\\",
        "subfields": [
          {
            "a": "0691034486"
          },
          {
            "q": "(alk. paper)"
          }
        ]
      }
    },
    {
      "020": {
        "ind1": "\\",
        "ind2": "\\",
        "subfields": [
          {
            "a": "9780691034485"
          },
          {
            "q": "(alk. paper)"
          }
        ]
      }
    },
    {
      "020": {
        "ind1": "\\",
        "ind2": "\\",
        "subfields": [
          {
            "a": "0691044856"
          }
        ]
      }
    },
    {
      "020": {
        "ind1": "\\",
        "ind2": "\\",
        "subfields": [
          {
            "a": "9780691044859"
          }
        ]
      }
    },
    {
      "035": {
        "ind1": "\\",
        "ind2": "\\",
        "subfields": [
          {
            "a": "(OCoLC)29703776"
          },
          {
            "z": "(OCoLC)33010653"
          },
          {
            "z": "(OCoLC)60106654"
          },
          {
            "z": "(OCoLC)1120880274"
          },
          {
            "z": "(OCoLC)1167028787"
          }
        ]
      }
    },
    {
      "050": {
        "ind1": "0",
        "ind2": "4",
        "subfields": [
          {
            "a": "HM548"
          },
          {
            "b": ".H25 1994"
          }
        ]
      }
    },
    {
      "055": {
        "ind1": "\\",
        "ind2": "4",
        "subfields": [
          {
            "a": "HM35"
          },
          {
            "b": "H36"
          }
        ]
      }
    },
    {
      "080": {
        "ind1": "\\",
        "ind2": "\\",
        "subfields": [
          {
            "a": "316.334.2"
          }
        ]
      }
    },
    {
      "080": {
        "ind1": "0",
        "ind2": "\\",
        "subfields": [
          {
            "a": "301:330"
          }
        ]
      }
    },
    {
      "080": {
        "ind1": "0",
        "ind2": "\\",
        "subfields": [
          {
            "a": "330:301"
          }
        ]
      }
    },
    {
      "082": {
        "ind1": "0",
        "ind2": "0",
        "subfields": [
          {
            "a": "306.3"
          },
          {
            "b": "HAN"
          }
        ]
      }
    },
    {
      "245": {
        "ind1": "0",
        "ind2": "4",
        "subfields": [
          {
            "a": "The handbook of economic sociology /"
          },
          {
            "c": "Neil J. Smelser and Richard Swedberg, editors."
          }
        ]
      }
    },
    {
      "260": {
        "ind1": "\\",
        "ind2": "\\",
        "subfields": [
          {
            "a": "Princeton :"
          },
          {
            "b": "Princeton University Press ;"
          },
          {
            "a": "New York :"
          },
          {
            "b": "Russell Sage Foundation,"
          },
          {
            "c": "\u00a91994."
          }
        ]
      }
    },
    {
      "300": {
        "ind1": "\\",
        "ind2": "\\",
        "subfields": [
          {
            "a": "viii, 835 pages :"
          },
          {
            "b": "illustrations ;"
          },
          {
            "c": "27 cm."
          }
        ]
      }
    },
    {
      "336": {
        "ind1": "\\",
        "ind2": "\\",
        "subfields": [
          {
            "a": "text"
          },
          {
            "b": "txt"
          },
          {
            "2": "rdacontent"
          }
        ]
      }
    },
    {
      "337": {
        "ind1": "\\",
        "ind2": "\\",
        "subfields": [
          {
            "a": "unmediated"
          },
          {
            "b": "n"
          },
          {
            "2": "rdamedia"
          }
        ]
      }
    },
    {
      "338": {
        "ind1": "\\",
        "ind2": "\\",
        "subfields": [
          {
            "a": "volume"
          },
          {
            "b": "nc"
          },
          {
            "2": "rdacarrier"
          }
        ]
      }
    },
    {
      "490": {
        "ind1": "0",
        "ind2": "\\",
        "subfields": [
          {
            "a": "Russell Sage Foundation"
          }
        ]
      }
    },
    {
      "504": {
        "ind1": "\\",
        "ind2": "\\",
        "subfields": [
          {
            "a": "Includes bibliographical references and indexes."
          }
        ]
      }
    },
    {
      "505": {
        "ind1": "0",
        "ind2": "\\",
        "subfields": [
          {
            "a": "pt. 1. Introduction : General concerns. The sociological perspective on the economy / Neil J. Smelser and Richard Swedberg -- Culture and economy / Paul DiMaggio -- The return of institutional economics / Geoffrey M. Hodgson -- Transaction cost economics and organizational theory / Oliver E. Williamson -- Evolutionary theorizing about economic change / Richard R. Nelson -- Learning by monitoring : the institutions of economic development / Charles F. Sabel -- A rational choice perspective on economic sociology / James S. Coleman -- pt. 2. The economic core : economic systems, institutions, and behavior. Section A. The economy in macrosociological perspective. Civilizations and the organization of economies / Gary G. Hamilton -- The international economy and economic development / Gary Gereffi -- The socialist economic system / Ivan Szelenyi, Katherine Beckett, and Lawrence P. King."
          }
        ]
      }
    },
    {
      "505": {
        "ind1": "0",
        "ind2": "\\",
        "subfields": [
          {
            "a": "Section B. The sociology of economic institutions and economic behavior. Markets as social structures / Richard Swedberg -- Capitalist work and labor markets / Chris Tilly and Charles Tilly -- Money, banking, and financial markets / Mark S. Mizruchi and Linda Brewster Stearns -- Trade, transportation, and spatial distribution / Michael D. Irwin and John D. Kasarda -- Networks and economic life / Walter W. Powell and Laurel Smith-Doerr -- Consumption, preferences, and changing lifestyles / Jonathan Frenzen, Paul M. Hirsch, and Philip C. Zerrillo -- The informal economy and its paradoxes / Alejandro Portes -- Section C. The sociology of firms, organizations, and industry. Business groups / Mark Granovetter -- Entrepreneurship and management / Alberto Martinelli -- Firms, wages, and incentives / Aage B. S\u00f8rensen -- Firms and their environments / Nitin Nohria and Ranjay Gulati -- Measuring performance in economic organizations / Marshall W. Meyer."
          }
        ]
      }
    },
    {
      "505": {
        "ind1": "0",
        "ind2": "\\",
        "subfields": [
          {
            "a": "pt. 3. Intersections of the economy. Education and the economy / Richard Rubinson and Irene Browne -- Gender and the economy / Ruth Milkman and Eleanor Townsley -- Religion and economic life / Robert Wuthnow -- The ethnic economy / Ivan Light and Stavros Karageorgis -- Labor and leisure / Nicole Woolsey Biggart -- The roles of the state in the economy / Fred Block -- Welfare states and the economy / Go\u0308sta Esping-Andersen -- The sociology of distribution / Suzanne Elise Shanahan and Nancy Brandon Tuma -- The economy and the environment / Johannes Berger."
          }
        ]
      }
    },
    {
      "520": {
        "ind1": "\\",
        "ind2": "\\",
        "subfields": [
          {
            "a": "During recent years social scientists have come to reaffirm that understanding almost any facet of social life requires a simultaneous grasp of how economic institutions work and how they are influenced by culture. Sociology, and especially economic sociology, is well equipped to be of assistance in this endeavor. Neil Smelser and Richard Swedberg bring together leading sociologists, economists, and political scientists in The Handbook of Economic Sociology, the first comprehensive view of this vital and growing field."
          }
        ]
      }
    },
    {
      "520": {
        "ind1": "8",
        "ind2": "\\",
        "subfields": [
          {
            "a": "Here more than forty contributors examine the theoretical and empirical evolution of economic sociology; the social foundations of modern economic organizations; the interaction of economic factors with schools, the family, law, religion, work, and other institutions; and economic systems in historical, cross-cultural, and political perspectives. With the burgeoning of the field in the last decade, a definitive account is long overdue. Original and far-reaching, The Handbook of Economic Sociology provides a state-of-the-art overview that will appeal not only to sociologists and economists, but to all scholars who are interested in the impact of economics on the lives of people and nations."
          }
        ]
      }
    },
    {
      "650": {
        "ind1": "\\",
        "ind2": "0",
        "subfields": [
          {
            "a": "Economics"
          },
          {
            "x": "Sociological aspects."
          }
        ]
      }
    },
    {
      "650": {
        "ind1": "\\",
        "ind2": "7",
        "subfields": [
          {
            "a": "Economics"
          },
          {
            "x": "Sociological aspects."
          },
          {
            "2": "fast"
          },
          {
            "0": "(OCoLC)fst00902213"
          }
        ]
      }
    },
    {
      "700": {
        "ind1": "1",
        "ind2": "\\",
        "subfields": [
          {
            "a": "Smelser, Neil J."
          }
        ]
      }
    },
    {
      "700": {
        "ind1": "1",
        "ind2": "\\",
        "subfields": [
          {
            "a": "Swedberg, Richard."
          }
        ]
      }
    },
    {
      "740": {
        "ind1": "0",
        "ind2": "\\",
        "subfields": [
          {
            "a": "Economic sociology."
          }
        ]
      }
    },
    {
      "856": {
        "ind1": "4",
        "ind2": "1",
        "subfields": [
          {
            "3": "Table of contents"
          },
          {
            "u": "http://catdir.loc.gov/catdir/toc/prin031/94001047.html"
          }
        ]
      }
    },
    {
      "856": {
        "ind1": "4",
        "ind2": "1",
        "subfields": [
          {
            "z": "Full-text (2005, 2nd ed.)"
          },
          {
            "u": "https://opac.eui.eu/client/en_GB/default/search/detailnonmodal/ent:{dollar}002f{dollar}002fSD_ILS{dollar}002f0{dollar}002fSD_ILS:391144/one"
          }
        ]
      }
    },
    {
      "856": {
        "ind1": "4",
        "ind2": "2",
        "subfields": [
          {
            "3": "Publisher description"
          },
          {
            "u": "http://catdir.loc.gov/catdir/description/prin031/94001047.html"
          }
        ]
      }
    },
    {
      "994": {
        "ind1": "\\",
        "ind2": "\\",
        "subfields": [
          {
            "a": "Z0"
          },
          {
            "b": "NYRVC"
          }
        ]
      }
    },
    {
      "948": {
        "ind1": "\\",
        "ind2": "\\",
        "subfields": [
          {
            "h": "NO HOLDINGS IN NYRVC - 734 OTHER HOLDINGS"
          }
        ]
      }
    },
    {
      "999": {
        "ind1": "\\",
        "ind2": "\\",
        "subfields": [
          {
            "a": "00000000014669"
          }
        ]
      }
    }
  ]
}